@misc{hecker2009my,
  title={My liner notes for spore/spore behavior tree docs},
  author={Hecker, Chris},
  year={2009},
  publisher={nd}
}

