% CEU

@inproceedings{ceu.mod15,
    key       = "Sant'Anna15",
    author    = {Francisco Sant'Anna and others},
    title     = {{S}tructured {S}ynchronous {R}eactive {P}rogramming with {C}\'eu},
    booktitle = {Proceedings of Modularity'15},
    year      = {2015},
    note      = {to appear},
}

@inproceedings{ceu.sensys13,
    key       = "Sant'Anna13_2",
    title     = {{S}afe {S}ystem-level {C}oncurrency on {R}esource-{C}onstrained {N}odes},
    author    = {Francisco Sant'Anna and others},
    booktitle = {Proceedings of SenSys'13},
    year      = {2013},
    organization={ACM},
}

@misc{ceu.rem13,
    key       = "Sant'Anna13_1",
    title     = {Advanced Control Reactivity for Embedded Systems},
    author    = {Francisco Sant'Anna and others},
    howpublished = {Workshop on Reactivity, Events and Modularity (REM'13)},
    year      = {2013},
}

@book{papert.logo,
 author = {Papert, Seymour},
 title = {Mindstorms: Children, Computers, and Powerful Ideas},
 year = {1980},
 isbn = {0-465-04627-4},
 publisher = {Basic Books, Inc.},
 address = {New York, NY, USA},
} 




@InProceedings{hoffmann:brafman:icaps-05,
  author = 	 {J{\"o}rg Hoffmann and Ronen Brafman},
  title = 	 {Contingent Planning via Heuristic Forward Search with Implicit Belief States},
  crossref =     {icaps05},
  pages = {71-80}
}


@Proceedings{icaps05,
  key = 	 "ICAPS-05",
  title = 	 "Proceedings of the 15th International Conference on 
                  Automated Planning and Scheduling (ICAPS-05)",
  booktitle = 	 "Proceedings of the 15th International Conference on 
                  Automated Planning and Scheduling (ICAPS-05)",
  year = 	 2005,
  editor = 	 "Susanne Biundo and Karen Myers and Kanna Rajan",
  publisher = kauf,
  OPTorganization = "",
  address = 	 "Monterey, CA, USA",
  OPTmonth = 	 "",
}
